@InProceedings{PassiveDriftonRSLVQ,
    author="Heusinger, Moritz
    and Raab, Christoph
    and Schleif, Frank-Michael",
    editor="Vellido, Alfredo
    and Gibert, Karina
    and Angulo, Cecilio
    and Mart{\'i}n Guerrero, Jos{\'e} David",
    title="Passive Concept Drift Handling via Momentum Based Robust Soft Learning Vector Quantization",
    booktitle="Advances in Self-Organizing Maps, Learning Vector Quantization, Clustering and Data Visualization",
    year="2020",
    publisher="Springer International Publishing",
    address="Cham",
    pages="200--209",
    abstract="Concept drift is a change of the underlying data distribution which occurs especially with streaming data. Besides other challenges in the field of streaming data classification, concept drift should be addressed to obtain reliable predictions. The Robust Soft Learning Vector Quantization has already shown good performance in traditional settings and is modified in this work to handle streaming data. Further, momentum-based stochastic gradient descent is applied to tackle concept drift passively due to increased learning capabilities. The proposed work is tested against common benchmark algorithms and streaming data in the field.",
    isbn="978-3-030-19642-4"
}

@inproceedings{KappaM,
author = {Bifet, Albert and de Francisci Morales, Gianmarco and Read, Jesse and Holmes, Geoff and Pfahringer, Bernhard},
title = {Efficient Online Evaluation of Big Data Stream Classifiers},
year = {2015},
isbn = {9781450336642},
publisher = {Association for Computing Machinery},
address = {New York, NY, USA},
url = {https://doi.org/10.1145/2783258.2783372},
doi = {10.1145/2783258.2783372},
booktitle = {Proceedings of the 21th ACM SIGKDD International Conference on Knowledge Discovery and Data Mining},
pages = {59–68},
numpages = {10},
keywords = {data streams, evaluation, classification, online learning},
location = {Sydney, NSW, Australia},
series = {KDD ’15}
}

@inproceedings{bifet2013efficient,
  title={Efficient data stream classification via probabilistic adaptive windows},
  author={Bifet, Albert and Pfahringer, Bernhard and Read, Jesse and Holmes, Geoff},
  booktitle={Proceedings of the 28th annual ACM symposium on applied computing},
  pages={801--806},
  year={2013}
}

@inproceedings{SEADataset,
author = {Street, W. Nick and Kim, YongSeog},
title = {A Streaming Ensemble Algorithm (SEA) for Large-Scale Classification},
year = {2001},
isbn = {158113391X},
publisher = {Association for Computing Machinery},
address = {New York, NY, USA},
url = {https://doi.org/10.1145/502512.502568},
doi = {10.1145/502512.502568},
booktitle = {Proceedings of the Seventh ACM SIGKDD International Conference on Knowledge Discovery and Data Mining},
pages = {377–382},
numpages = {6},
keywords = {ensemble classification, streaming data},
location = {San Francisco, California},
series = {KDD ’01}
}

@inproceedings{dean2012large,
  title={Large scale distributed deep networks},
  author={Dean, Jeffrey and Corrado, Greg and Monga, Rajat and Chen, Kai and Devin, Matthieu and Mao, Mark and Ranzato, Marc'aurelio and Senior, Andrew and Tucker, Paul and Yang, Ke and others},
  booktitle={Advances in neural information processing systems},
  pages={1223--1231},
  year={2012}
}

@inproceedings{pennington2014glove,
  title={Glove: Global vectors for word representation},
  author={Pennington, Jeffrey and Socher, Richard and Manning, Christopher D},
  booktitle={Proceedings of the 2014 conference on empirical methods in natural language processing (EMNLP)},
  pages={1532--1543},
  year={2014}
}

@INPROCEEDINGS{lvq2.1,
author={T. {Kohonen}},
booktitle={1990 IJCNN International Joint Conference on Neural Networks},
title={Improved versions of learning vector quantization},
year={1990},
volume={},
number={},
pages={545-550 vol.1},
keywords={data compression;encoding;learning systems;neural nets;pattern recognition;speech recognition;LVQ2.1;class codebook vectors;classification decision;codebook vectors initialization;discretization error;learning stability;learning vector quantization;nearest-neighbor selection;pattern recognition;piecewise linear decision surfaces;speech recognition;supervised learning;theoretical Bayes decision borders},
doi={10.1109/IJCNN.1990.137622},
ISSN={null},
month={June},}

@inproceedings{lvqEx1,
  title={Application of a generalized probabilistic descent method to dynamic time warping-based speech recognition},
  author={Komori, Takashi and Katagiri, Shigeru},
  booktitle={[Proceedings] ICASSP-92: 1992 IEEE International Conference on Acoustics, Speech, and Signal Processing},
  volume={1},
  pages={497--500},
  year={1992},
  organization={IEEE}
}

@inproceedings{kappam,
  title={Efficient online evaluation of big data stream classifiers},
  author={Bifet, Albert and de Francisci Morales, Gianmarco and Read, Jesse and Holmes, Geoff and Pfahringer, Bernhard},
  booktitle={Proceedings of the 21th ACM SIGKDD international conference on knowledge discovery and data mining},
  pages={59--68},
  year={2015}
}

@inproceedings{kappatemp1,
  title={Pitfalls in benchmarking data stream classification and how to avoid them},
  author={Bifet, Albert and Read, Jesse and {\v{Z}}liobait{\.e}, Indr{\.e} and Pfahringer, Bernhard and Holmes, Geoff},
  booktitle={Joint European Conference on Machine Learning and Knowledge Discovery in Databases},
  pages={465--479},
  year={2013},
  organization={Springer}
}

@article{skmultiflow,
  author  = {Jacob Montiel and Jesse Read and Albert Bifet and Talel Abdessalem},
  title   = {Scikit-Multiflow: A Multi-output Streaming Framework },
  journal = {Journal of Machine Learning Research},
  year    = {2018},
  volume  = {19},
  number  = {72},
  pages   = {1-5},
  url     = {http://jmlr.org/papers/v19/18-251.html}
}

@ARTICLE{SignalProcLet,
author={D. P. {Mandic}},
journal={IEEE Signal Processing Letters},
title={A generalized normalized gradient descent algorithm},
year={2004},
volume={11},
number={2},
pages={115-118},
keywords={gradient methods;FIR filters;adaptive filters;least mean squares methods;prediction theory;generalized normalized gradient descent algorithm;linear finite-impulse response adaptive filter;normalized least mean square algorithm;gradient adaptive term learning rate;input signal;nonlinear prediction;Signal processing algorithms;Finite impulse response filter;Least squares approximation;Adaptive filters;Convergence;Computational complexity;Robustness;Analytical models;Predictive models;Filtering},
doi={10.1109/LSP.2003.821649},
ISSN={1558-2361},
month={Feb},}

@article{QIAN1999145,
title = "On the momentum term in gradient descent learning algorithms",
journal = "Neural Networks",
volume = "12",
number = "1",
pages = "145 - 151",
year = "1999",
issn = "0893-6080",
doi = "https://doi.org/10.1016/S0893-6080(98)00116-6",
url = "http://www.sciencedirect.com/science/article/pii/S0893608098001166",
author = "Ning Qian"
}

@article{Zeiler2012ADADELTAAA,
  title={ADADELTA: An Adaptive Learning Rate Method},
  author={Matthew D. Zeiler},
  journal={ArXiv},
  year={2012},
  volume={abs/1212.5701}
}

@article{AdadeltaAddition,
author = {Duchi, John and Hazan, Elad and Singer, Yoram},
title = {Adaptive Subgradient Methods for Online Learning and Stochastic Optimization},
year = {2011},
issue_date = {February 2011},
publisher = {JMLR.org},
volume = {12},
number = {null},
issn = {1532-4435},
journal = {J. Mach. Learn. Res.},
month = jul,
pages = {2121–2159},
numpages = {39}
}

@article{RMSprop_Hinton,
author = {Geoff Hinton},
lecture = {Neural Networks for Machine Learning},
title = {Overview of mini-­‐batch gradient descent},
url = "2http://www.cs.toronto.edu/~tijmen/csc321/slides/lecture_slides_lec6.pdf",
}

@article{Kingma2014AdamAM,
  title={Adam: A Method for Stochastic Optimization},
  author={Diederik P. Kingma and Jimmy Ba},
  journal={CoRR},
  year={2014},
  volume={abs/1412.6980}
}

@article{ConceptDrift,
author = {Gama, Jo\~{a}o and \v{Z}liobaitundefined, Indrundefined and Bifet, Albert and Pechenizkiy, Mykola and Bouchachia, Abdelhamid},
title = {A Survey on Concept Drift Adaptation},
year = {2014},
issue_date = {April 2014},
publisher = {Association for Computing Machinery},
address = {New York, NY, USA},
volume = {46},
number = {4},
issn = {0360-0300},
url = {https://doi.org/10.1145/2523813},
doi = {10.1145/2523813},
journal = {ACM Comput. Surv.},
month = mar,
articleno = {Article 44},
numpages = {37},
keywords = {data streams, change detection, adaptive learning, Concept drift}
}

@article{RSLVQOrig,
  title={Soft learning vector quantization},
  author={Seo, Sambu and Obermayer, Klaus},
  journal={Neural computation},
  volume={15},
  number={7},
  pages={1589--1604},
  year={2003},
  publisher={MIT Press}
}

@article{lvqEx2,
  title={Prototype-based minimum classification error/generalized probabilistic descent training for various speech units},
  author={McDermott, Erik and Katagiri, Shigeru},
  journal={Computer Speech \& Language},
  volume={8},
  number={4},
  pages={351--368},
  year={1994},
  publisher={Elsevier}
}

@article{kappak,
  title={A coefficient of agreement for nominal scales},
  author={Cohen, Jacob},
  journal={Educational and psychological measurement},
  volume={20},
  number={1},
  pages={37--46},
  year={1960},
  publisher={Sage Publications Sage CA: Thousand Oaks, CA}
}

@article{kappatemp2,
  title={Evaluation methods and decision theory for classification of streaming data with temporal dependence},
  author={{\v{Z}}liobait{\.e}, Indr{\.e} and Bifet, Albert and Read, Jesse and Pfahringer, Bernhard and Holmes, Geoff},
  journal={Machine Learning},
  volume={98},
  number={3},
  pages={455--482},
  year={2015},
  publisher={Springer}
}

@paper{overvieDiffRSLVQ,
  title={An overview of gradient descent optimization algorithms},
  author={Sebastian Ruder},
  journal={ArXiv},
  year={2016},
  volume={abs/1609.04747}
}

@paper{problemSteepLearn,
title={Two problems with backpropagation and other steepest-descent learning
procedures for networks},
author={Richard S. Sutton},
year={1986}
}

@book{MLonDataStreams, 
    title={Machine Learning for Data Streams with
        Practical Examples in MOA}, 
    author="Albert Bifet and Ricard Gavalda and Geoff Holmes and Bernhard Pfahringer", 
    publisher={MIT Press},
    note={\url{https://moa.cms.waikato.ac.nz/book/}}, 
    year={2018} 
}

@book{Bifet_datastream,
    author = {Albert Bifet and Richard Kirkby and Bernhardt Pfahringer},
    title = {DATA STREAM MINING A Practical Approach},
    publisher={MIT Press},
    year = {2011}
}

@book{IntroML,
    author = {Nils J. Nilsson},
    title = {Introduction to Machine Learning},
    year = {1998}
}

@book{IntroAI,
    author = {Wolfgang Ertel},
    title = {Introduction to Artifical Intelligence},
    publisher={Springer},
    year = {2003},
    isbn={9780857292995}
}

@book{Goodfellow-et-al-2016,
    title={Deep Learning},
    author={Ian Goodfellow and Yoshua Bengio and Aaron Courville},
    publisher={MIT Press},
    note={\url{http://www.deeplearningbook.org}},
    year={2016}
}

@book{PythonML,
    author  = {Sebastian Raschka},
    title = {Python MAchine Learning},
    publisher={Packt Publishing},
    year    = {2015},
    isbn={1783555130}
}

@book{MomentumOfGD,
title={On the momentum term in gradient descent learning algorithms. Neural networks :
the official journal of the International Neural Network Society},
author={Ning Qian},
year={1999}
}

@book{aggarwal2007data,
  title={Data streams: models and algorithms},
  author={Aggarwal, Charu C},
  volume={31},
  year={2007},
  publisher={Springer Science \& Business Media}
}